<record><leader>00000cas a22000007a 4500</leader><controlfield tag="001">18122523</controlfield><controlfield tag="008">880622d18991uuulaudn ne      0    0eng d</controlfield><datafield ind1=" " ind2=" " tag="010"><subfield code="a">sn 88064505 </subfield></datafield><datafield ind1=" " ind2=" " tag="040"><subfield code="a">LNP</subfield><subfield code="b">eng</subfield><subfield code="c">LNP</subfield><subfield code="d">OCLCQ</subfield></datafield><datafield ind1=" " ind2=" " tag="042"><subfield code="a">msc</subfield></datafield><datafield ind1="0" ind2=" " tag="130"><subfield code="a">Morning progress (Shreveport, La.)</subfield></datafield><datafield ind1="1" ind2="4" tag="245"><subfield code="a">The Morning progress.</subfield></datafield><datafield ind1="3" ind2="0" tag="246"><subfield code="a">Sunday progress</subfield></datafield><datafield ind1=" " ind2=" " tag="260"><subfield code="a">Shreveport, La. :</subfield><subfield code="b">Daily Progress Pub. Co.</subfield></datafield><datafield ind1=" " ind2=" " tag="300"><subfield code="a">v.</subfield></datafield><datafield ind1=" " ind2=" " tag="310"><subfield code="a">Daily (except Mon.)</subfield></datafield><datafield ind1="0" ind2=" " tag="362"><subfield code="a">Vol. 1, no. 20 (Mar. 28, 1899)-</subfield></datafield><datafield ind1=" " ind2=" " tag="500"><subfield code="a">On Sunday published as: Sunday progress, June 11, 1899-&lt;July 1, 1899&gt;.</subfield></datafield><datafield ind1=" " ind2=" " tag="515"><subfield code="a">July 1, 1899 issue misdated June 31, 1899.</subfield></datafield><datafield ind1=" " ind2=" " tag="580"><subfield code="a">Weekly ed.: Progress (Shreveport, La.), 1899.</subfield></datafield><datafield ind1=" " ind2=" " tag="752"><subfield code="a">United States</subfield><subfield code="b">Louisiana</subfield><subfield code="c">Caddo</subfield><subfield code="d">Shreveport.</subfield></datafield><datafield ind1="1" ind2=" " tag="775"><subfield code="t">Progress (Shreveport, La.)</subfield><subfield code="w">(DLC)sn 88064460</subfield></datafield><datafield ind1="0" ind2="0" tag="780"><subfield code="t">Daily progress (Shreveport, La.)</subfield><subfield code="w">(DLC)sn 88064504</subfield></datafield></record>